@article{john2016indexing,
  title={Indexing and query processing techniques in spatio-temporal data},
  author={John, A and Sugumaran, M and Rajesh, RS},
  journal={Ictact Journal On Soft Computing},
  volume={6},
  number={03},
  pages={1198--1217},
  year={2016}
}
