@book{momjian2001postgresql,
  title={PostgreSQL: introduction and concepts},
  author={Momjian, Bruce},
  volume={192},
  year={2001},
  publisher={Addison-Wesley New York}
}
@article{sadoghi2014reducing,
  title={Reducing database locking contention through multi-version concurrency},
  author={Sadoghi, Mohammad and Canim, Mustafa and Bhattacharjee, Bishwaranjan and Nagel, Fabian and Ross, Kenneth A},
  journal={Proceedings of the VLDB Endowment},
  volume={7},
  number={13},
  pages={1331--1342},
  year={2014},
  publisher={VLDB Endowment}
}
@inproceedings{tian2015prototype,
  title={A prototype spatio-temporal database built on top of relational database},
  author={Tian, Yun and Ji, Yanqing and Scholer, Jesse},
  booktitle={2015 12th International Conference on Information Technology-New Generations (ITNG)},
  pages={14--19},
  year={2015},
  organization={IEEE}
}
@article{kossmann2000iterative,
  title={Iterative dynamic programming: a new class of query optimization algorithms},
  author={Kossmann, Donald and Stocker, Konrad},
  journal={ACM Transactions on Database Systems (TODS)},
  volume={25},
  number={1},
  pages={43--82},
  year={2000},
  publisher={ACM}
}
@inproceedings{du2017deepsea,
  title={DeepSea: Progressive Workload-Aware Partitioning of Materialized Views in Scalable Data Analytics.},
  author={Du, Jiang and Miller, Ren{\'e}e J and Glavic, Boris and Tan, Wei},
  booktitle={EDBT},
  pages={198--209},
  year={2017}
}
@article{sohrabi2016materialized,
  title={Materialized View Selection for a Data Warehouse Using Frequent Itemset Mining.},
  author={Sohrabi, Mohammad Karim and Ghods, Vahid},
  journal={Jcp},
  volume={11},
  number={2},
  pages={140--148},
  year={2016}
}
@book{rose2016datascience,
  title={Data Science},
  author={Rose, Doug},
  year={2016},
  publisher={Apress Berkeley,CA}
}
@inproceedings{crosby2009tamper-evident,
  title={Efficient data structures for tamper-evident logging},
  author={Crosby, Scott A. and Wallach, Dan S.},
  booktitle = {2009 the 18th conference on USENIX security symposium},
  pages={317--334},
  year={2009},
  organization={USENIX Association}
}
@book{talia2015dataanalysis,
  title={Data Analysis in the Cloud: Models, Techniques and Applications},
  author={Talia, Domenico and Trunfio, Paolo and Marozzo, Fabrizio},
  year={2015},
  publisher={Elsevier}
}
@article{klein2013analysis,
  title={Analysis of Log File Data to Understand Mobile Service Context and Usage Patterns},
  author={Klein, Bernhard and Pretel, Ivan and Vanhecke, Sacha and Lago, Ana B. and Lopez-de-Ipi√±a, Diego},
  journal={International Journal of Interactive Multimedia and Artificial Intelligence},
  volume={2},
  number={3},
  pages={15--22},
  year={2013}
}
@inproceedings{ghasemaghaei2015impactsOB,
  title={Impacts of Big Data Analytics on Organizations: A Resource Fit Perspective},
  author={Maryam Ghasemaghaei and Khaled Hassanein and Ofir Turel},
  booktitle={AMCIS},
  year={2015}
}
@inproceedings{wagner2018detect,
  title={Detecting Database File Tampering through Page Carving},
  author={Wagner, James and Rasin, Alexander and Malik, Tanu and Heart, Karen and Furst, Jacob D. and Grier, Jonathan},
  booktitle = {2018 21st International Conference on Extending Database Technology},
  pages={121--132},
  year={2018},
}
@inproceedings{jain2013trustworthy, 
  author={Jain, Rohit and Prabhakar, Sunil}, 
  booktitle={2013 IEEE 29th International Conference on Data Engineering (ICDE)}, 
  title={Trustworthy data from untrusted databases},
  pages={529--540}, 
  year={2013}, 
  organization={IEEE}
}
@inproceedings{wanger2017carving, 
  author={Wagner, James and Rasin, Alexander and Glavic, Boris and Heart, Karen and Furst,Jacob and Bressan, Lucas and Grier, Jonathan}, 
  booktitle={Proceedings of the Seventeenth Annual DFRWS USA}, 
  title={Carving database storage to detect and trace security breaches},
  pages={s127--s136}, 
  year={2017}, 
  organization={Elsevier}
}
@ARTICLE{Ammann2002recovery, 
author={Ammann, Paul and Jajodia, Sushil and Liu, Peng}, 
journal={IEEE Transactions on Knowledge and Data Engineering}, 
title={Recovery from malicious transactions}, 
year={2002}, 
volume={14}, 
number={5}, 
pages={1167-1185}, 
}